<collection xmlns="http://www.loc.gov/MARC21/slim">
<record>
  <leader>01937ncm0a22003491i 450 </leader>
  <controlfield tag="001">IT\ICCU\CNCE\045545</controlfield>
  <controlfield tag="005">20160112000000.0</controlfield>
  <datafield tag="100" ind1=" " ind2=" ">
    <subfield code="a">19990112d1577        0itac0103    ba</subfield>
  </datafield>
  <datafield tag="101" ind1=" " ind2=" ">
    <subfield code="a">ITA</subfield>
  </datafield>
  <datafield tag="102" ind1=" " ind2=" ">
    <subfield code="a">IT</subfield>
  </datafield>
  <datafield tag="200" ind1="1" ind2=" ">
    <subfield code="a">Tutti i madrigali di Cipriano di Rore a quattro voci, spartiti et accomodati per sonar d&apos;ogni sorte d&apos;istrumenti perfetto, et per qualunque studioso di contrapunto</subfield>
  </datafield>
  <datafield tag="210" ind1=" " ind2=" ">
    <subfield code="a">Venezia</subfield>
    <subfield code="c">Angelo Gardane</subfield>
    <subfield code="d">1577</subfield>
  </datafield>
  <datafield tag="215" ind1=" " ind2=" ">
    <subfield code="a">32 c.</subfield>
    <subfield code="d">fol</subfield>
  </datafield>
  <datafield tag="620" ind1=" " ind2=" ">
    <subfield code="a">IT</subfield>
    <subfield code="d">Venezia</subfield>
  </datafield>
  <datafield tag="700" ind1=" " ind2="1">
    <subfield code="a">Rore,</subfield>
    <subfield code="b">Cyprien : de</subfield>
    <subfield code="3">IT\ICCU\CNCA\011477</subfield>
  </datafield>
  <datafield tag="712" ind1="0" ind2="0">
    <subfield code="a">Gardane, Angelo</subfield>
    <subfield code="3">IT\ICCU\CNCT\001443</subfield>
    <subfield code="4">650</subfield>
  </datafield>
  <datafield tag="790" ind1=" " ind2="1">
    <subfield code="a">De_Rore,</subfield>
    <subfield code="b">Cypriaen</subfield>
    <subfield code="3">IT\ICCU\CNCA\018726</subfield>
    <subfield code="z">Rore, Cyprien : de</subfield>
  </datafield>
  <datafield tag="790" ind1=" " ind2="1">
    <subfield code="a">Roore,</subfield>
    <subfield code="b">Cypriaen : van</subfield>
    <subfield code="3">IT\ICCU\CNCA\018727</subfield>
    <subfield code="z">Rore, Cyprien : de</subfield>
  </datafield>
  <datafield tag="790" ind1=" " ind2="1">
    <subfield code="a">Rore,</subfield>
    <subfield code="b">Cipriano : de</subfield>
    <subfield code="3">IT\ICCU\CNCA\018728</subfield>
    <subfield code="z">Rore, Cyprien : de</subfield>
  </datafield>
  <datafield tag="790" ind1=" " ind2="0">
    <subfield code="a">Ciprianus</subfield>
    <subfield code="3">IT\ICCU\CNCA\018729</subfield>
    <subfield code="z">Rore, Cyprien : de</subfield>
  </datafield>
  <datafield tag="790" ind1=" " ind2="0">
    <subfield code="a">Cipriano</subfield>
    <subfield code="3">IT\ICCU\CNCA\018730</subfield>
    <subfield code="z">Rore, Cyprien : de</subfield>
  </datafield>
  <datafield tag="790" ind1=" " ind2="1">
    <subfield code="a">Rore,</subfield>
    <subfield code="b">Cipriano</subfield>
    <subfield code="3">IT\ICCU\CNCA\022689</subfield>
    <subfield code="z">Rore, Cyprien : de</subfield>
  </datafield>
  <datafield tag="791" ind1="0" ind2="0">
    <subfield code="a">Gardanus, Angelus</subfield>
    <subfield code="3">IT\ICCU\CNCT\004834</subfield>
    <subfield code="z">Gardane, Angelo</subfield>
  </datafield>
  <datafield tag="791" ind1="0" ind2="0">
    <subfield code="a">Gardano, Angelo</subfield>
    <subfield code="3">IT\ICCU\CNCT\004835</subfield>
    <subfield code="z">Gardane, Angelo</subfield>
  </datafield>
  <datafield tag="801" ind1=" " ind2="3">
    <subfield code="a">IT</subfield>
    <subfield code="b">ICCU</subfield>
    <subfield code="c">20201114</subfield>
  </datafield>
  <datafield tag="899" ind1=" " ind2=" ">
    <subfield code="a">Museo Internazionale e Biblioteca della Musica. Bologna</subfield>
    <subfield code="1">BO0310</subfield>
    <subfield code="2">UBO BM</subfield>
  </datafield>
  <datafield tag="899" ind1=" " ind2=" ">
    <subfield code="a">Biblioteca oratoriana del Monumento nazionale dei Girolamini. Napoli</subfield>
    <subfield code="1">NA0075</subfield>
    <subfield code="2">NAP GE</subfield>
  </datafield>
  <datafield tag="899" ind1=" " ind2=" ">
    <subfield code="a">Biblioteca comunale. Assisi</subfield>
    <subfield code="1">PG0001</subfield>
    <subfield code="2">UM1 10</subfield>
  </datafield>
  <datafield tag="911" ind1=" " ind2=" ">
    <subfield code="a">Sul front.</subfield>
    <subfield code="9">IT\ICCU\CNCM\002617</subfield>
  </datafield>
  <datafield tag="911" ind1=" " ind2=" ">
    <subfield code="a">Sul front.</subfield>
    <subfield code="9">IT\ICCU\CNCM\002501</subfield>
  </datafield>
  <datafield tag="921" ind1=" " ind2=" ">
    <subfield code="a">IT\ICCU\CNCM\002617</subfield>
    <subfield code="b">Leone ed orso rampanti sorreggono una rosa con al centro un giglio. Nella cornice del frontespizio.</subfield>
    <subfield code="c">U1131</subfield>
    <subfield code="f">LEONE</subfield>
    <subfield code="f">ORSO</subfield>
    <subfield code="f">ROSA</subfield>
    <subfield code="f">GIGLIO</subfield>
    <subfield code="g">1577-1584</subfield>
  </datafield>
  <datafield tag="921" ind1=" " ind2=" ">
    <subfield code="a">IT\ICCU\CNCM\002501</subfield>
    <subfield code="b">Orso e leone rampanti sorreggono una rosa con al centro un giglio.</subfield>
    <subfield code="e">Concordes virtute et naturae miraculis</subfield>
    <subfield code="c">U1019</subfield>
    <subfield code="d">Dimensioni: 5,7 x 6,7</subfield>
    <subfield code="f">ORSO</subfield>
    <subfield code="f">LEONE</subfield>
    <subfield code="f">GIGLIO</subfield>
    <subfield code="f">CONCORDESV</subfield>
    <subfield code="g">1576-1592</subfield>
  </datafield>
</record>
</collection>
